<?xml version="1.0" encoding="UTF-8"?><collection xmlns="http://www.loc.gov/MARC21/slim"><record><leader>00527nam--2200169-i-4500</leader><controlfield tag="001">000008281</controlfield><controlfield tag="002">20161230</controlfield><controlfield tag="005">20170306234625</controlfield><controlfield tag="008">060222s1000------------r-----000-0-eng-d</controlfield><datafield ind1="1" ind2=" " tag="100"><subfield code="a">Bukhman, V. Ye</subfield></datafield><datafield ind1="1" ind2="0" tag="245"><subfield code="a">Analogues for the solution of boundary-value problems. Translated by Jacques J.Schorr-Kon</subfield></datafield><datafield ind1=" " ind2=" " tag="260"><subfield code="a">Oxford</subfield><subfield code="b">Pergamon Press</subfield><subfield code="c">1965</subfield></datafield><datafield ind1=" " ind2=" " tag="300"><subfield code="a">XI + 460 p</subfield></datafield><datafield ind1=" " ind2=" " tag="490"><subfield code="a">International Tracts In Computer Science And Technology</subfield></datafield><datafield ind1=" " ind2=" " tag="700"><subfield code="a">Volynskii, B. A</subfield></datafield><datafield ind1=" " ind2=" " tag="852"><subfield code="a">27714</subfield><subfield code="c">517</subfield></datafield><datafield ind1=" " ind2=" " tag="CAT"><subfield code="a">SYS</subfield><subfield code="c">20170306</subfield><subfield code="h">234625</subfield></datafield></record></collection>